%% This BibTeX bibliography file was created using BibDesk.
%% https://bibdesk.sourceforge.io/

%% Created for Daniel Baker at 2023-06-29 21:49:20 +0100 


%% Saved with string encoding Unicode (UTF-8) 



@article{adan1991a,
	author = {Adan, A. and Almirall, H.},
	date = {1991},
	doi = {10.1016/0191-8869(91)90110-W},
	journal = {Personality and Individual Differences},
	language = {fr},
	number = {3},
	pages = {241--253},
	title = {Horne & {\"O}stberg morningness-eveningness questionnaire: A reduced scale},
	url = {https://doi.org/10.1016/0191-8869(91)90110-W},
	volume = {12},
	bdsk-url-1 = {https://doi.org/10.1016/0191-8869(91)90110-W}}

@article{alakbarova2021a,
	author = {Alakbarova, D. and Hicks, J.L. and Ball, B.H.},
	date = {2021},
	doi = {10.3758/s13421-021-01182-1},
	journal = {Memory & Cognition},
	language = {en},
	number = {8},
	pages = {1555--1567},
	title = {The influence of semantic context on false memories},
	url = {https://doi.org/10.3758/s13421-021-01182-1},
	volume = {49},
	bdsk-url-1 = {https://doi.org/10.3758/s13421-021-01182-1}}

@article{albers2018a,
	author = {Albers, C. and Lakens, D.},
	date = {2018},
	doi = {10.1016/j.jesp.2017.09.004},
	journal = {Journal of experimental social psychology},
	language = {en},
	pages = {187--195},
	title = {When power analyses based on pilot data are biased: Inaccurate effect size estimators and follow-up bias},
	url = {https://doi.org/10.1016/j.jesp.2017.09.004},
	volume = {74},
	bdsk-url-1 = {https://doi.org/10.1016/j.jesp.2017.09.004}}

@article{anderson1984a,
	author = {Anderson, J.R. and Pirolli, P.L.},
	date = {1984},
	doi = {10.1037/0278-7393.10.4.791},
	journal = {Journal of Experimental Psychology: Learning, Memory, and Cognition},
	language = {en},
	number = {4},
	pages = {791},
	title = {Spread of activation},
	url = {https://doi.org/10.1037/0278-7393.10.4.791},
	volume = {10},
	bdsk-url-1 = {https://doi.org/10.1037/0278-7393.10.4.791}}

@article{anwyl-irvine2020a,
	author = {Anwyl-Irvine, A.L. and Massonni{\'e}, J. and Flitton, A. and Kirkham, N. and Evershed, J.K.},
	date = {2020},
	doi = {10.3758/s13428-019-01237-x},
	journal = {Behavior Research Methods},
	language = {en},
	number = {1},
	pages = {388--407},
	title = {Gorilla in our midst: An online behavioral experiment builder},
	url = {https://doi.org/10.3758/s13428-019-01237-x},
	volume = {52},
	bdsk-url-1 = {https://doi.org/10.3758/s13428-019-01237-x}}

@article{ashton2021a,
	author = {Ashton, J.E. and Cairney, S.A.},
	date = {2021},
	doi = {10.1371/journal.pone.0258110},
	journal = {PLoS ONE},
	language = {en},
	number = {11},
	pages = {0258110},
	title = {Future-relevant memories are not selectively strengthened during sleep},
	url = {https://doi.org/10.1371/journal.pone.0258110},
	volume = {16},
	bdsk-url-1 = {https://doi.org/10.1371/journal.pone.0258110}}

@article{backhaus2008a,
	author = {Backhaus, J. and Hoeckesfeld, R. and Born, J. and Hohagen, F. and Junghanns, K.},
	date = {2008},
	doi = {10.1016/j.nlm.2007.08.010},
	journal = {Neurobiology of Learning and Memory},
	language = {en},
	number = {1},
	pages = {76--80},
	title = {Immediate as well as delayed post learning sleep but not wakefulness enhances declarative memory consolidation in children},
	url = {https://doi.org/10.1016/j.nlm.2007.08.010},
	volume = {89},
	bdsk-url-1 = {https://doi.org/10.1016/j.nlm.2007.08.010}}

@misc{barr2019a,
	author = {Barr, D.},
	date = {2019-04-02},
	language = {en},
	title = {Coding categorical predictor variables in factorial designs},
	url = {https://talklab.psy.gla.ac.uk/tvw/catpred/},
	bdsk-url-1 = {https://talklab.psy.gla.ac.uk/tvw/catpred/}}

@article{barr2013a,
	author = {Barr, D.J. and Levy, R. and Scheepers, C. and Tily, H.J.},
	date = {2013},
	doi = {10.1016/j.jml.2012.11.001},
	journal = {Journal of Memory and Language},
	language = {en},
	number = {3},
	pages = {255--278},
	title = {Random effects structure for confirmatory hypothesis testing: Keep it maximal},
	url = {https://doi.org/10.1016/j.jml.2012.11.001},
	volume = {68},
	bdsk-url-1 = {https://doi.org/10.1016/j.jml.2012.11.001}}

@article{barnhoorn2015a,
	author = {Barnhoorn, J.S. and Haasnoot, E. and Bocanegra, B.R. and Steenergen, H.},
	date = {2015},
	doi = {10.3758/s13428-014-0530-7},
	journal = {Behavior Research Methods},
	language = {en},
	number = {4},
	pages = {918--929},
	title = {QRTEngine: An easy solution for running online reaction time experiments using Qualtrics},
	url = {https://doi.org/10.3758/s13428-014-0530-7},
	volume = {47},
	bdsk-url-1 = {https://doi.org/10.3758/s13428-014-0530-7}}

@misc{bates2015a,
	arxiv = {1506.04967},
	author = {Bates, D. and Kliegl, R. and Vasishth, S. and Baayen, H.},
	date = {2015},
	language = {es},
	note = {arXiv preprint arXiv:1506.04967.},
	title = {Parsimonious mixed models}}

@article{beijamini2014a,
	author = {Beijamini, F. and Pereira, S.I.R. and Cini, F.A. and Louzada, F.M.},
	date = {2014},
	doi = {10.1371/journal.pone.0084342},
	journal = {PLoS ONE},
	language = {en},
	number = {1},
	title = {After being challenged by a video game problem, sleep increases the chance to solve it},
	url = {https://doi.org/doi:10.1371/journal.pone.0084342},
	volume = {9},
	bdsk-url-1 = {https://doi.org/doi:10.1371/journal.pone.0084342},
	bdsk-url-2 = {https://doi.org/10.1371/journal.pone.0084342}}

@article{bialystok2020a,
	author = {Bialystok, E. and Dey, A. and Sullivan, M.D. and Sommers, M.S.},
	date = {2020},
	doi = {10.3758/s13421-020-01016-6},
	journal = {Memory & Cognition},
	language = {en},
	number = {5},
	pages = {870--883},
	title = {Using the DRM paradigm to assess language processing in monolinguals and bilinguals},
	url = {https://doi.org/10.3758/s13421-020-01016-6},
	volume = {48},
	bdsk-url-1 = {https://doi.org/10.3758/s13421-020-01016-6}}

@article{brainerd1998a,
	author = {Brainerd, C.J. and Reyna, V.F.},
	date = {1998},
	doi = {10.1006/jecp.1998.2464},
	journal = {Journal of experimental child psychology},
	language = {cs},
	number = {2},
	pages = {81--129},
	title = {Fuzzy-trace theory and children's false memories},
	url = {https://doi.org/10.1006/jecp.1998.2464},
	volume = {71},
	bdsk-url-1 = {https://doi.org/10.1006/jecp.1998.2464}}

@article{brysbaert2019a,
	author = {Brysbaert, M.},
	date = {2019},
	doi = {10.5334/joc.72},
	journal = {Journal of Cognition},
	language = {en},
	number = {1},
	pages = {1--38},
	title = {How many participants do we have to include in properly powered experiments? A tutorial of power analysis with some simple guidelines},
	url = {https://doi.org/10.5334/joc.72},
	volume = {2},
	bdsk-url-1 = {https://doi.org/10.5334/joc.72}}

@article{brysbaert2018a,
	author = {Brysbaert, M. and Stevens, M.},
	date = {2018},
	doi = {10.5334/joc.10},
	journal = {Journal of Cognition},
	language = {en},
	number = {1},
	pages = {1--20},
	title = {Power analysis and effect size in mixed effects models: A tutorial},
	url = {https://doi.org/10.5334/joc.10},
	volume = {1},
	bdsk-url-1 = {https://doi.org/10.5334/joc.10}}

@article{cai2009a,
	author = {Cai, D.J. and Shuman, T. and Gorman, M.R. and Sage, J.R. and Anagnostaras, S.G.},
	date = {2009},
	doi = {10.1037/a0016415},
	journal = {Behavioural Neuroscience},
	language = {en},
	number = {4},
	pages = {713--719},
	title = {Sleep Selectively Enhances Hippocampus-Dependent Memory in Mice},
	url = {https://doi.org/10.1037/a0016415},
	volume = {123},
	bdsk-url-1 = {https://doi.org/10.1037/a0016415}}

@article{calvillo2016a,
	author = {Calvillo, D.P. and Parong, J.A. and Peralta, B. and Ocampo, D. and Gundy, R.},
	date = {2016},
	doi = {10.1002/acp.3259},
	journal = {Applied Cognitive Psychology},
	language = {en},
	pages = {1061--1067},
	title = {Sleep Increases Susceptibility to the Misinformation Effect},
	url = {https://doi.org/},
	volume = {30},
	bdsk-url-1 = {https://doi.org/},
	bdsk-url-2 = {https://doi.org/10.1002/acp.3259}}

@article{chang2021a,
	author = {Chang, M. and Brainerd, C.J.},
	date = {2021},
	doi = {10.1016/j.jml.2020.104210},
	journal = {Journal of Memory and Language},
	language = {en},
	number = {May},
	pages = {104210},
	title = {Semantic and phonological false memory: A review of theory and data},
	url = {https://doi.org/10.1016/j.jml.2020.104210},
	volume = {119},
	bdsk-url-1 = {https://doi.org/10.1016/j.jml.2020.104210}}

@article{chatburn2014a,
	author = {Chatburn, A. and Lushington, K. and Kohler, M.J.},
	date = {2014},
	doi = {10.1016/j.neubiorev.2014.10.018},
	journal = {Neuroscience & Biobehavioural Reviews},
	language = {pt},
	pages = {66--655},
	title = {Complex associative memory processing and sleep: A systematic review and meta-analysis of behavioural evidence and underlying EEG mechanisms},
	url = {https://doi.org/10.1016/j.neubiorev.2014.10.018},
	volume = {47},
	bdsk-url-1 = {https://doi.org/10.1016/j.neubiorev.2014.10.018}}

@article{cleary2002a,
	author = {Cleary, A.M. and Greene, R.L.},
	date = {2002},
	doi = {10.1080/09658210143000236},
	journal = {Memory},
	language = {en},
	number = {1},
	pages = {55--61},
	title = {Paradoxical effects of presentation modality on false memory},
	url = {https://doi.org/10.1080/09658210143000236},
	volume = {10},
	bdsk-url-1 = {https://doi.org/10.1080/09658210143000236}}

@article{cockcroft2022a,
	author = {Cockcroft, J.P. and Berens, S.C. and Gaskell, M.G. and Horner, A.J.},
	date = {2022},
	doi = {10.31234/osf.io/nzurq},
	journal = {Cognition},
	language = {fr},
	pages = {105203},
	title = {Schematic information influences memory and generalisation behaviour for schema-relevant and-irrelevant information},
	url = {https://doi.org/10.31234/osf.io/nzurq},
	volume = {227},
	bdsk-url-1 = {https://doi.org/10.31234/osf.io/nzurq}}

@article{collins1975a,
	author = {Collins, A.M. and Loftus, E.F.},
	date = {1975},
	doi = {10.1037/0033-295x.82.6.407},
	journal = {Psychological review},
	language = {en},
	number = {6},
	pages = {407},
	title = {A spreading-activation theory of semantic processing},
	url = {https://doi.org/10.1037/0033-295x.82.6.407},
	volume = {82},
	bdsk-url-1 = {https://doi.org/10.1037/0033-295x.82.6.407}}

@article{colombel2016a,
	author = {Colombel, F. and Tessoulin, M. and Gilet, A. and Corson, Y.},
	date = {2016},
	doi = {10.1037/pag0000086f},
	journal = {Psychology and Aging},
	language = {en},
	number = {3},
	pages = {239--248},
	title = {False memories and normal aging: Links between inhibitory capacities and monitoring processes},
	url = {https://doi.org/10.1037/pag0000086f},
	volume = {31},
	bdsk-url-1 = {https://doi.org/10.1037/pag0000086f}}

@misc{cortex2013a,
	author = {Cortex},
	date = {2013},
	language = {en},
	note = {Retrieved from},
	title = {Guidelines for authors},
	url = {https://www.elsevier.com/__data/promis_misc/PROMIS%20pub_idt_CORTEX%20Guidelines_RR_29_04_2013.pdf},
	bdsk-url-1 = {https://www.elsevier.com/__data/promis_misc/PROMIS%20pub_idt_CORTEX%20Guidelines_RR_29_04_2013.pdf}}

@article{curtis2022a,
	author = {Curtis, A.J. and Mak, M.H.C. and Chen, S. and Rodd, J.M. and Gaskell, M.G.},
	date = {2022},
	doi = {10.1016/j.cognition.2022.105175},
	journal = {Cognition},
	language = {en},
	number = {May},
	pages = {105175},
	title = {Word-meaning Priming Extends Beyond Homonyms},
	volume = {226},
	bdsk-url-1 = {https://doi.org/10.1016/j.cognition.2022.105175}}

@article{darsaud2011a,
	author = {Darsaud, A. and Dehon, H. and Lahl, O. and Sterpenich, V. and Boly, M. and Dang-Vu, T. and Desseilles, M. and Gais, S. and Matarazzo, L. and Peters, F. and Schabus, M. and Schmidt, C. and Tinguely, G. and Vandewalle, G. and Luxen, A. and Maquet, P. and Collette, F.},
	date = {2011},
	doi = {10.1162/jocn.2010.21448},
	journal = {Journal of Cognitive Neuroscience},
	language = {en},
	number = {1},
	pages = {26--40},
	title = {Does sleep promote false memories?},
	url = {https://doi.org/10.1162/jocn.2010.21448},
	volume = {23},
	bdsk-url-1 = {https://doi.org/10.1162/jocn.2010.21448}}

@article{dastgheib2022a,
	author = {Dastgheib, M. and Kulanayagam, A. and Dringenberg, H.C.},
	date = {2022},
	doi = {10.1016/j.neubiorev.2022.104799},
	journal = {Neuroscience & Biobehavioral Reviews},
	language = {en},
	title = {Is the role of sleep in memory consolidation overrated?},
	url = {https://doi.org/10.1016/j.neubiorev.2022.104799},
	volume = {104799},
	bdsk-url-1 = {https://doi.org/10.1016/j.neubiorev.2022.104799}}

@article{davis2009a,
	author = {Davis, M.H. and Gaskell, M.G.},
	date = {2009},
	doi = {10.1098/rstb.2009.0111},
	journal = {Philosophical Transactions of the Royal Society B: Biological Sciences},
	language = {en},
	number = {1536},
	pages = {3773--3800},
	title = {A complementary systems account of word learning: Neural and behavioural evidence},
	url = {https://doi.org/10.1098/rstb.2009.0111},
	volume = {364},
	bdsk-url-1 = {https://doi.org/10.1098/rstb.2009.0111}}

@article{deese1959a,
	author = {Deese, J.},
	date = {1959},
	doi = {10.1037/h0046671},
	journal = {Journal of Experimental Psychology},
	language = {en},
	number = {1},
	pages = {17--22},
	title = {On the prediction of occurrence of particular verbal intrusions in immediate recall},
	url = {https://doi.org/10.1037/h0046671},
	volume = {58},
	bdsk-url-1 = {https://doi.org/10.1037/h0046671}}

@article{dehon2011a,
	author = {Dehon, H. and Lar{\o}i, F. and Linden, M.},
	date = {2011},
	doi = {10.1016/j.paid.2010.11.032},
	journal = {Personality and Individual Differences},
	language = {en},
	number = {5},
	pages = {583--587},
	title = {The influence of encoding style on the production of false memories in the DRM paradigm: New insights on individual differences in false memory susceptibility?},
	url = {https://doi.org/10.1016/j.paid.2010.11.032},
	volume = {50},
	bdsk-url-1 = {https://doi.org/10.1016/j.paid.2010.11.032}}

@article{denis2021a,
	author = {Denis, D. and Mylonas, D. and Poskanzer, C. and Bursal, V. and Payne, J.D. and Stickgold, R.},
	date = {2021},
	doi = {10.1523/jneurosci.0818-20.2021},
	journal = {Journal of Neuroscience},
	language = {en},
	number = {18},
	pages = {4088--4099},
	title = {Sleep spindles preferentially consolidate weakly encoded memories},
	url = {https://doi.org/10.1523/jneurosci.0818-20.2021},
	volume = {41},
	bdsk-url-1 = {https://doi.org/10.1523/jneurosci.0818-20.2021}}

@article{diekelmann2010a,
	author = {Diekelmann, S. and Born, J. and Wagner, U.},
	date = {2010},
	doi = {10.1016/j.bbr.2009.12.021},
	journal = {Behavioural Brain Research},
	language = {en},
	number = {2},
	pages = {425--429},
	title = {Sleep enhances false memories depending on general memory performance},
	url = {https://doi.org/10.1016/j.bbr.2009.12.021},
	volume = {208},
	bdsk-url-1 = {https://doi.org/10.1016/j.bbr.2009.12.021}}

@article{diekelmann2008a,
	author = {Diekelmann, S. and Landolt, H.P. and Lahl, O. and Born, J. and Wagner, U.},
	date = {2008},
	doi = {10.1371/journal.pone.0003512},
	journal = {PloS one},
	language = {it},
	number = {10},
	pages = {3512},
	title = {Sleep loss produces false memories},
	url = {https://doi.org/10.1371/journal.pone.0003512},
	volume = {3},
	bdsk-url-1 = {https://doi.org/10.1371/journal.pone.0003512}}

@article{diekelmann2009a,
	author = {Diekelmann, S. and Wilhelm, I. and Born, J.},
	date = {2009},
	doi = {10.1016/j.smrv.2008.08.002},
	journal = {Sleep medicine reviews},
	language = {en},
	number = {5},
	pages = {309--321},
	title = {The whats and whens of sleep-dependent memory consolidation},
	url = {https://doi.org/10.1016/j.smrv.2008.08.002},
	volume = {13},
	bdsk-url-1 = {https://doi.org/10.1016/j.smrv.2008.08.002}}

@article{dienes2014a,
	author = {Dienes, Z.},
	date = {2014},
	doi = {doi:10.3389/},
	journal = {Frontiers in Psychology},
	language = {en},
	title = {Using Bayes to get the most out of non-significant results},
	volume = {5},
	bdsk-url-1 = {https://doi.org/10.3389/}}

@article{fenn2009a,
	author = {Fenn, K.M. and Gallo, D.A. and Margoliash, D.},
	date = {2009},
	doi = {10.1101/lm.1500808},
	journal = {Learning & Memory},
	language = {en},
	pages = {509--513},
	title = {Reduced false memory after sleep},
	url = {https://doi.org/10.1101/lm.1500808},
	volume = {16},
	bdsk-url-1 = {https://doi.org/10.1101/lm.1500808}}

@article{gallo2010a,
	author = {Gallo, D.A.},
	date = {2010},
	doi = {10.3758/MC.38.7.833},
	journal = {Memory and Cognition},
	language = {en},
	number = {7},
	pages = {833--848},
	title = {False memories and fantastic beliefs: 15 years of the DRM illusion},
	url = {https://doi.org/10.3758/MC.38.7.833},
	volume = {38},
	bdsk-url-1 = {https://doi.org/10.3758/MC.38.7.833}}

@article{gelman2006a,
	author = {Gelman, A. and Stern, H.},
	date = {2006},
	doi = {10.1198/000313006x152649},
	journal = {The American Statistician},
	language = {en},
	number = {4},
	pages = {328--331},
	title = {The difference between ``significant'' and ``not significant'' is not itself statistically significant},
	url = {https://doi.org/10.1198/000313006x152649},
	volume = {60},
	bdsk-url-1 = {https://doi.org/10.1198/000313006x152649}}

@article{gilbert2018a,
	author = {Gilbert, R.A. and Davis, M.H. and Gaskell, M.G. and Rodd, J.M.},
	date = {2018},
	doi = {10.1037/xlm0000532},
	journal = {Journal of Experimental Psychology: Learning, Memory, and Cognition},
	language = {en},
	number = {10},
	pages = {1533--1561},
	title = {Listeners and Readers Generalize Their Experience With Word Meanings Across Modalities},
	url = {https://doi.org/10.1037/xlm0000532},
	volume = {44},
	bdsk-url-1 = {https://doi.org/10.1037/xlm0000532}}

@article{green2016a,
	author = {Green, P. and Macleod, C.J.},
	date = {2016},
	doi = {10.1111/2041-210X.12504},
	journal = {Methods in Ecology and Evolution},
	language = {en},
	number = {4},
	pages = {493--498},
	title = {SIMR: An R package for power analysis of generalized linear mixed models by simulation},
	url = {https://doi.org/10.1111/2041-210X.12504},
	volume = {7},
	bdsk-url-1 = {https://doi.org/10.1111/2041-210X.12504}}

@misc{herbison-a,
	author = {Herbison, P.},
	date-modified = {2023-06-29 20:47:24 +0100},
	language = {en},
	note = {Retrieved from},
	title = {Analysing count data},
	url = {https://www.ics.org/Abstracts/Publish/44/000161.pdf},
	year = {n.d.},
	bdsk-url-1 = {https://www.ics.org/Abstracts/Publish/44/000161.pdf}}

@article{hoddes1973a,
	author = {Hoddes, E. and Dement, W.C. and Zarcone, V.},
	date = {1973},
	journal = {Psychophysiology},
	language = {en},
	pages = {421--436},
	title = {The development and use of the Stanford Sleepiness Scale (SSS},
	volume = {10}}

@article{horv2016a,
	author = {Horv{\'a}th, K. and Liu, S. and Plunkett, K.},
	date = {2016},
	doi = {10.5665/sleep.5348},
	journal = {Sleep},
	language = {en},
	number = {1},
	pages = {203--207},
	title = {A Daytime Nap Facilitates Generalization of Word Meanings in Young Toddlers},
	url = {https://doi.org/10.5665/sleep.5348},
	volume = {39},
	bdsk-url-1 = {https://doi.org/10.5665/sleep.5348}}

@misc{huan2021a,
	author = {Huan, S. and Xu, H. and Wang, R. and Yu, J.},
	date = {2021},
	doi = {10.1007/s00426-021-01516-3},
	language = {en},
	title = {The different roles of sleep on false memory formation between young and older adults},
	type = {Psychological Research.},
	url = {https://doi.org/10.1007/s00426-021-01516-3},
	bdsk-url-1 = {https://doi.org/10.1007/s00426-021-01516-3}}

@article{jano2021a,
	author = {Jano, S. and Romeo, J. and Hendrickx, M.D. and Schlesewsky, M. and Chatburn, A.},
	date = {2021},
	doi = {10.1016/j.nlm.2021.107553},
	journal = {Neurobiology of Learning and Memory},
	language = {en},
	number = {October},
	pages = {107553},
	title = {Sleep influences neural representations of true and false memories: An event-related potential study},
	url = {https://doi.org/10.1016/j.nlm.2021.107553},
	volume = {186},
	bdsk-url-1 = {https://doi.org/10.1016/j.nlm.2021.107553}}

@article{jenkins1924a,
	author = {Jenkins, J.G. and Dallenbach, K.M.},
	date = {1924},
	journal = {American Journal of Psychology},
	language = {en},
	pages = {605--612},
	title = {Obliviscence during sleep and waking},
	volume = {35}}

@article{ohnson1993a,
	author = {ohnson, M.K. and Hashtroudi, S. and Lindsay, S.},
	date = {1993},
	doi = {10.1037/0033-2909.114.1.3},
	journal = {Psychological Bulletin},
	language = {en},
	number = {1},
	pages = {3--28},
	title = {Source Monitoring},
	url = {https://doi.org/10.1037/0033-2909.114.1.3},
	volume = {114},
	bdsk-url-1 = {https://doi.org/10.1037/0033-2909.114.1.3}}

@book{kline2004a,
	address = {Washington DC},
	author = {Kline, R.B.},
	date = {2004},
	language = {en},
	publisher = {American Psychological Association},
	title = {Beyond Signifcance Testing: Reforming Data Analysis Methods in Behavioral Research},
	url = {http://10.1037/10693-000},
	bdsk-url-1 = {http://10.1037/10693-000}}

@article{klinzing2019a,
	author = {Klinzing, J.G. and Niethard, N. and Born, J.},
	date = {2019},
	doi = {10.1038/s41593-019-0467-3},
	journal = {Nature Neuroscience},
	language = {en},
	pages = {1598--1610},
	title = {Mechanisms of systems memory consolidation during sleep},
	url = {https://doi.org/10.1038/s41593-019-0467-3},
	volume = {22},
	bdsk-url-1 = {https://doi.org/10.1038/s41593-019-0467-3}}

@article{kumaran2012a,
	author = {Kumaran, D. and McClelland, J.L.},
	date = {2012},
	journal = {Psychological Review},
	language = {en},
	pages = {573--616},
	title = {Generalization through the recurrent interaction of episodic memories: A model of the hippocampal system},
	url = {http://dx.doi.org/10.1037/},
	volume = {119},
	bdsk-url-1 = {http://dx.doi.org/10.1037/}}

@article{kumle2021a,
	author = {Kumle, L. and V{\~o}, M.L.H. and Draschkow, D.},
	date = {2021},
	doi = {10.3758/s13428-021-01546-0},
	journal = {Behavior research methods},
	language = {en},
	number = {6},
	pages = {2528--2543},
	title = {Estimating power in (generalized) linear mixed models: An open introduction and tutorial in R},
	url = {https://doi.org/10.3758/s13428-021-01546-0},
	volume = {53},
	bdsk-url-1 = {https://doi.org/10.3758/s13428-021-01546-0}}

@article{lahl2008a,
	author = {Lahl, O. and Wispel, C. and Willigens, B. and Pietrowsky, R.},
	date = {2008},
	doi = {10.1111/j.1365-2869.2008.00622.x},
	journal = {Journal of Sleep Research},
	language = {en},
	number = {1},
	pages = {3--10},
	title = {An ultra short episode of sleep is sufficient to promote declarative memory performance},
	url = {https://doi.org/10.1111/j.1365-2869.2008.00622.x},
	volume = {17},
	bdsk-url-1 = {https://doi.org/10.1111/j.1365-2869.2008.00622.x}}

@article{lakens2013a,
	author = {Lakens, D.},
	date = {2013},
	doi = {10.3389/fpsyg.2013.00863},
	journal = {Frontiers in Psychology},
	language = {en},
	number = {NOV},
	pages = {1--12},
	title = {Calculating and reporting effect sizes to facilitate cumulative science: A practical primer for t-tests and ANOVAs},
	url = {https://doi.org/10.3389/fpsyg.2013.00863},
	volume = {4},
	bdsk-url-1 = {https://doi.org/10.3389/fpsyg.2013.00863}}

@article{landmann2014a,
	author = {Landmann, N. and Kuhn, M. and Piosczyk, H. and Feige, B. and Baglioni, C. and Spiegelhalder, K. and Frase, L. and Riemann, D. and Sterr, A. and Nissen, C.},
	date = {2014},
	doi = {10.1016/j.smrv.2014.03.005},
	journal = {Sleep Medicine Reviews},
	language = {et},
	number = {6},
	pages = {531--541},
	title = {The reorganisation of memory during sleep},
	url = {https://doi.org/10.1016/j.smrv.2014.03.005},
	volume = {18},
	bdsk-url-1 = {https://doi.org/10.1016/j.smrv.2014.03.005}}

@book{lee2014a,
	address = {Cambridge},
	author = {Lee, M.D. and Wagenmakers, E.J.},
	date = {2014},
	language = {en},
	publisher = {Cambridge University Press},
	title = {Bayesian cognitive modeling: A practical course}}

@misc{lenth2021a,
	author = {Lenth, R.V.},
	date = {2021},
	language = {en},
	title = {emmeans: Estimated Marginal Means, aka Least-Squares Means},
	type = {R package version 1.5.5-1.},
	url = {https://CRAN.R-project.org/package=emmeans},
	bdsk-url-1 = {https://CRAN.R-project.org/package=emmeans}}

@article{lewis2011a,
	author = {Lewis, P.A. and Durrant, S.J.},
	date = {2011},
	doi = {10.1016/j.tics.2011.06.004},
	journal = {Trends in Cognitive Sciences},
	language = {en},
	number = {8},
	pages = {343--351},
	title = {Overlapping memory replay during sleep builds cognitive schemata},
	url = {https://doi.org/10.1016/j.tics.2011.06.004},
	volume = {15},
	bdsk-url-1 = {https://doi.org/10.1016/j.tics.2011.06.004}}

@misc{lindelov2018a,
	author = {Lindel{\o}v, J.K.},
	date = {2018},
	date-modified = {2023-06-29 21:49:18 +0100},
	language = {en},
	title = {How to compute Bayes factors using lm, lmer, BayesFactor, brms, and JAGS/stan/pymc3},
	url = {https://rpubs.com/lindeloev/358672},
	bdsk-url-1 = {https://rpubs.com/lindeloev/358672}}

@article{lipinska2019a,
	author = {Lipinska, G. and Stuart, B. and Thomas, K.G.F. and Baldwin, D.S. and Bolinger, E.},
	date = {2019},
	doi = {10.3389/fpsyg.2019.01014},
	journal = {Front. Psychol},
	language = {en},
	number = {1014},
	title = {Preferential Consolidation of Emotional Memory During Sleep: A Meta-Analysis},
	url = {https://doi.org/10.3389/fpsyg.2019.01014},
	volume = {10},
	bdsk-url-1 = {https://doi.org/10.3389/fpsyg.2019.01014}}

@article{lo2015a,
	author = {Lo, S. and Andrews, S.},
	date = {2015},
	doi = {10.3389/fpsyg.2015.01171},
	journal = {Frontiers in Psychology},
	language = {en},
	pages = {1171},
	title = {To transform or not to transform: Using generalized linear mixed models to analyse reaction time data},
	url = {https://doi.org/10.3389/fpsyg.2015.01171},
	volume = {6},
	bdsk-url-1 = {https://doi.org/10.3389/fpsyg.2015.01171}}

@article{lo2014a,
	author = {Lo, J.C. and Dijk, D.J. and Groeger, J.A.},
	date = {2014},
	doi = {10.1371/journal.pone.0108100},
	journal = {PLoS ONE},
	language = {en},
	number = {9},
	title = {Comparing the effects of nocturnal sleep and daytime napping on declarative memory consolidation},
	url = {https://doi.org/10.1371/journal.pone.0108100},
	volume = {9},
	bdsk-url-1 = {https://doi.org/10.1371/journal.pone.0108100}}

@article{lutz2017a,
	author = {Lutz, N.D. and Diekelmann, S. and Hinse-Stern, P. and Born, J. and Rauss},
	date = {2017},
	doi = {10.1038/srep42950},
	journal = {Scientific Reports},
	language = {en},
	number = {42950},
	title = {Sleep Supports the Slow Abstraction of Gist from Visual Perceptual Memories},
	url = {https://doi.org/10.1038/srep42950},
	volume = {7},
	bdsk-url-1 = {https://doi.org/10.1038/srep42950}}

@article{mak2019a,
	author = {Mak, M.H.C.},
	date = {2019},
	doi = {10.1080/17588928.2019.1593121},
	journal = {Cognitive Neuroscience},
	language = {en},
	number = {4},
	pages = {229--231},
	title = {Why and how the co-occurring familiar object matters in Fast Mapping (FM)? Insights from computational models},
	url = {https://doi.org/10.1080/17588928.2019.1593121},
	volume = {10},
	bdsk-url-1 = {https://doi.org/10.1080/17588928.2019.1593121}}

@misc{mak2022a,
	author = {Mak, M.H.C. and Curtis, A. and Rodd, J. and Gaskell, M. and G.},
	date = {2022},
	doi = {10.31234/osf.io/4dscu},
	language = {en},
	title = {Episodic memory and sleep are involved in the maintenance of context-specific lexical information},
	bdsk-url-1 = {https://doi.org/10.31234/osf.io/4dscu}}

@unpublished{mak-a,
	author = {Mak, M.H.C. and Curtis, A. and Rodd, J. and Gaskell, M. and G.},
	date = {in prep},
	language = {en},
	title = {The retention and transformation of discourse memory across sleep and wake},
	type = {Manuscript in preparation.}}

@article{mak2021a,
	author = {Mak, M.H.C. and Hsiao, Y. and Nation, K.},
	date = {2021},
	doi = {10.1016/j.jml.2020.104203},
	journal = {Journal of Memory and Language},
	language = {en},
	number = {October 2020},
	pages = {104203},
	title = {Anchoring and contextual variation in the early stages of incidental word learning during reading},
	url = {https://doi.org/10.1016/j.jml.2020.104203},
	volume = {118},
	bdsk-url-1 = {https://doi.org/10.1016/j.jml.2020.104203}}

@article{mak2021b,
	author = {Mak, M.H.C. and Hsiao, Y. and Nation, K.},
	date = {2021},
	doi = {10.1037/xlm0001089},
	journal = {Journal of Experimental Psychology: Learning, Memory and Cognition},
	language = {en},
	number = {12},
	pages = {1971--1997},
	title = {Lexical connectivity effects in immediate serial recall of words},
	url = {https://doi.org/http://dx.doi.org/10.1037/xlm0001089},
	volume = {47},
	bdsk-url-1 = {https://doi.org/http://dx.doi.org/10.1037/xlm0001089},
	bdsk-url-2 = {https://doi.org/10.1037/xlm0001089}}

@article{mak2020a,
	author = {Mak, M.H.C. and Twitchell, H.},
	date = {2020},
	doi = {10.3758/s13423-020-01773-0},
	journal = {Psychonomic Bulletin and Review},
	language = {en},
	number = {5},
	pages = {1059--1069},
	title = {Evidence for preferential attachment: Words that are more well connected in semantic networks are better at acquiring new links in paired-associate learning},
	url = {https://doi.org/10.3758/s13423-020-01773-0},
	volume = {27},
	bdsk-url-1 = {https://doi.org/10.3758/s13423-020-01773-0}}

@article{masson2011a,
	author = {Masson, M.E.J.},
	date = {2011},
	doi = {10.3758/s13428-010-0049-5},
	journal = {Behavior Research Methods},
	language = {en},
	pages = {679--690},
	title = {A tutorial on a practical Bayesian alternative to null-hypothesis significance testing},
	url = {http://dx.doi.org/10.3758/s13428-010-0049-5},
	volume = {43},
	bdsk-url-1 = {http://dx.doi.org/10.3758/s13428-010-0049-5}}

@article{mather1997a,
	author = {Mather, M. and Henkel, L.A. and Johnson, M.K.},
	date = {1997},
	doi = {10.3758/bf03211327},
	journal = {Memory & Cognition},
	language = {en},
	number = {6},
	pages = {826--837},
	title = {Evaluating characteristics of false memories: Remember/know judgments and memory characteristics questionnaire compared},
	url = {https://doi.org/10.3758/bf03211327},
	volume = {25},
	bdsk-url-1 = {https://doi.org/10.3758/bf03211327}}

@article{mcclelland2013a,
	author = {McClelland, J.},
	date = {2013},
	journal = {Journal of Experimental Psychology (general},
	language = {pt},
	number = {4},
	pages = {1190--1210},
	title = {Incorporating rapid neocortical learning of new schema-consistent information into complementary learning systems theory},
	volume = {142}}

@article{mcdermott1996a,
	author = {McDermott, K.B.},
	date = {1996},
	doi = {10.1006/jmla.1996.0012},
	journal = {Journal of Memory and Language},
	language = {en},
	number = {2},
	pages = {212--230},
	title = {The Persistence of False Memories in List Recall},
	url = {https://doi.org/10.1006/jmla.1996.0012},
	volume = {35},
	bdsk-url-1 = {https://doi.org/10.1006/jmla.1996.0012}}

@article{mckeon2012a,
	author = {McKeon, S. and Pace-Schott, E.F. and Spencer, R.M.C.},
	date = {2012},
	doi = {10.1371/journal.pone.0049353},
	journal = {PLoS ONE},
	language = {en},
	number = {11},
	pages = {1--7},
	title = {Interaction of Sleep and Emotional Content on the Production of False Memories},
	url = {https://doi.org/10.1371/journal.pone.0049353},
	volume = {7},
	bdsk-url-1 = {https://doi.org/10.1371/journal.pone.0049353}}

@article{mirkovi2016a,
	author = {Mirkovi{\'c}, J. and Gaskell, M.G.},
	date = {2016},
	doi = {10.1371/journal.pone.0152489},
	journal = {PLoS ONE},
	language = {en},
	number = {4},
	pages = {1--26},
	title = {Does sleep improve your grammar? Preferential consolidation of arbitrary components of new linguistic knowledge},
	url = {https://doi.org/10.1371/journal.pone.0152489},
	volume = {11},
	bdsk-url-1 = {https://doi.org/10.1371/journal.pone.0152489}}

@article{monaghan2017a,
	author = {Monaghan, P. and Shaw, J.J. and Ashworth-Lord, A. and Newbury, C.R.},
	date = {2017},
	doi = {10.1016/j.bandl.2016.05.003},
	journal = {Brain and Language},
	language = {en},
	pages = {36--43},
	title = {Hemispheric processing of memory is affected by sleep},
	url = {https://doi.org/10.1016/j.bandl.2016.05.003},
	volume = {167},
	bdsk-url-1 = {https://doi.org/10.1016/j.bandl.2016.05.003}}

@article{newbury2019a,
	author = {Newbury, C.R. and Monaghan, P.},
	date = {2019},
	doi = {10.3758/s13423-018-1528-4},
	journal = {Psychonomic Bulletin and Review},
	language = {en},
	number = {2},
	pages = {387--400},
	title = {When does sleep affect veridical and false memory consolidation? A meta-analysis},
	url = {https://doi.org/10.3758/s13423-018-1528-4},
	volume = {26},
	bdsk-url-1 = {https://doi.org/10.3758/s13423-018-1528-4}}

@unpublished{newbury-a,
	author = {Newbury, C.R. and Monaghan, P.},
	date = {unpublished},
	language = {en},
	note = {Manuscript submitted for publication.},
	title = {Negative but not positive emotional memories are enhanced by sleep}}

@article{nieuwenhuis2013a,
	author = {Nieuwenhuis, I.L.C. and Folia, V. and Forkstam, C. and Jensen, O. and Petersson, K.M.},
	date = {2013},
	doi = {10.1371/journal.pone.0065046},
	journal = {PLoS ONE},
	language = {en},
	number = {6},
	title = {Sleep Promotes the Extraction of Grammatical Rules},
	url = {https://doi.org/10.1371/journal.pone.0065046},
	volume = {8},
	bdsk-url-1 = {https://doi.org/10.1371/journal.pone.0065046}}

@article{nieuwenhuis2011a,
	author = {Nieuwenhuis, S. and Forstmann, B.U. and Wagenmakers, E.J.},
	date = {2011},
	doi = {10.1038/nn.2886},
	journal = {Nature neuroscience},
	language = {en},
	number = {9},
	pages = {1105--1107},
	title = {Erroneous analyses of interactions in neuroscience: a problem of significance},
	url = {https://doi.org/10.1038/nn.2886},
	volume = {14},
	bdsk-url-1 = {https://doi.org/10.1038/nn.2886}}

@article{norman1997a,
	author = {Norman, K.A. and Schacter, D.L.},
	date = {1997},
	doi = {10.3758/bf03211328},
	journal = {Memory & Cognition},
	language = {en},
	number = {6},
	pages = {838--848},
	title = {False recognition in younger and older adults: Exploring the characteristics of illusory memories},
	url = {https://doi.org/},
	volume = {25},
	bdsk-url-1 = {https://doi.org/},
	bdsk-url-2 = {https://doi.org/10.3758/bf03211328}}

@article{paller2021a,
	author = {Paller, K.A. and Creery, J.D. and Schechtman, E.},
	date = {2021},
	doi = {10.1146/annurev-psych-010419-050815},
	journal = {Annual Review of Psychology},
	language = {en},
	pages = {123--150},
	title = {Memory and Sleep: How Sleep Cognition Can Change the Waking Mind for the Better},
	url = {https://doi.org/10.1146/annurev-psych-010419-050815},
	volume = {72},
	bdsk-url-1 = {https://doi.org/10.1146/annurev-psych-010419-050815}}

@article{payne2009a,
	author = {Payne, J.D. and Schacter, D.L. and Propper, R.E. and Huang, L. and Walmsley, E.J. and Tucker, M.A. and Walker, M.P. and Stickgold, R.},
	date = {2009},
	doi = {10.1016/j.nlm.2009.03.007},
	journal = {Neurobiology of Learning and Memory},
	language = {en},
	number = {3},
	pages = {327--334},
	title = {The role of sleep in false memory formation},
	url = {https://doi.org/10.1016/j.nlm.2009.03.007},
	volume = {92},
	bdsk-url-1 = {https://doi.org/10.1016/j.nlm.2009.03.007}}

@article{payne2012a,
	author = {Payne, J.D. and Tucker, M.A. and Ellenbogen, J.M. and Wamsley, E.J. and Walker, M.P. and Schacter, D.L. and Stickgold, R.},
	date = {2012},
	doi = {10.1371/journal.pone.0033079},
	journal = {PLoS ONE},
	language = {en},
	number = {3},
	pages = {1--7},
	title = {Memory for semantically related and unrelated declarative information: The benefit of sleep, the cost of wake},
	url = {https://doi.org/10.1371/journal.pone.0033079},
	volume = {7},
	bdsk-url-1 = {https://doi.org/10.1371/journal.pone.0033079}}

@article{paz-alonso2008a,
	author = {Paz-Alonso, P.M. and Ghetti, S. and Donohue, S.E. and Goodman, G.S. and Bunge, S.A.},
	date = {2008},
	doi = {10.1093/cercor/bhm246},
	journal = {Cerebral Cortex},
	language = {fr},
	number = {9},
	pages = {2208--2216},
	title = {Neurodevelopmental correlates of true and false recognition},
	url = {https://doi.org/10.1093/cercor/bhm246},
	volume = {18},
	bdsk-url-1 = {https://doi.org/10.1093/cercor/bhm246}}

@article{plihal1997a,
	author = {Plihal, W. and Born, J.},
	date = {1997},
	doi = {10.1162/jocn.1997.9.4.534},
	journal = {Journal of Cognitive Neuroscience},
	language = {en},
	number = {4},
	pages = {534--547},
	title = {Effects of Early and Late Nocturnal Sleep on Declarative and Procedural Memory},
	url = {https://doi.org/10.1162/jocn.1997.9.4.534},
	volume = {9},
	bdsk-url-1 = {https://doi.org/10.1162/jocn.1997.9.4.534}}

@article{potkin2012a,
	author = {Potkin, K.T. and Bunney, W.E.},
	date = {2012},
	doi = {10.1371/journal.pone.0042191},
	journal = {PLoS ONE},
	language = {en},
	number = {8},
	title = {Sleep Improves Memory: The Effect of Sleep on Long Term Memory in Early Adolescence},
	url = {https://doi.org/10.1371/journal.pone.0042191},
	volume = {7},
	bdsk-url-1 = {https://doi.org/10.1371/journal.pone.0042191}}

@misc{team2019a,
	address = {Vienna, Austria},
	author = {Team, R.Core},
	date = {2019},
	language = {en},
	note = {Retrieved from},
	publisher = {R Foundation for Statistical Computing},
	title = {R: A language and environment for statistical computing [Computer software},
	url = {https://www.R-project.org/},
	bdsk-url-1 = {https://www.R-project.org/}}

@article{rasch2013a,
	author = {Rasch, B. and Born, J.},
	date = {2013},
	doi = {10.1152/physrev.00032.2012},
	journal = {Physiological reviews},
	language = {cs},
	number = {2},
	pages = {681--766},
	title = {About sleep's role in memory},
	url = {https://doi.org/10.1152/physrev.00032.2012},
	volume = {93},
	bdsk-url-1 = {https://doi.org/10.1152/physrev.00032.2012}}

@article{robinson1997a,
	date = {1997},
	doi = {10.1111/j.1467-9280.1997.tb00417.x},
	journal = {Psychological Science},
	language = {fr},
	number = {3},
	pages = {231--237},
	title = {Associative processes in false recall and false recognition},
	url = {https://doi.org/10.1111/j.1467-9280.1997.tb00417.x},
	volume = {8},
	bdsk-url-1 = {https://doi.org/10.1111/j.1467-9280.1997.tb00417.x}}

@article{roediger1995a,
	author = {Roediger, H.L. and McDermott, K.B.},
	date = {1995},
	journal = {Journal of Experimental Psychology: Learning, Memory, and Cognition},
	language = {en},
	number = {4},
	pages = {803--814},
	title = {Creating False Memories: Remembering Words Not Presented in Lists},
	volume = {21}}

@article{roediger2001a,
	author = {Roediger, H.L. and Watson, J.M. and McDermott, K.B. and Gallo, D.A.},
	date = {2001},
	doi = {10.3758/bf03196177},
	journal = {Psychonomic bulletin & review},
	language = {en},
	number = {3},
	pages = {385--407},
	title = {Factors that determine false recall: A multiple regression analysis},
	url = {https://doi.org/10.3758/bf03196177},
	volume = {8},
	bdsk-url-1 = {https://doi.org/10.3758/bf03196177}}

@misc{rodd2019a,
	author = {Rodd, J.},
	date = {2019-02-27},
	language = {en},
	title = {How to Maintain Data Quality When You Can't See Your Participants},
	type = {Observer.},
	url = {https://www.psychologicalscience.org/observer/how-to-maintain-data-quality-when-you-cant-see-your-participants},
	bdsk-url-1 = {https://www.psychologicalscience.org/observer/how-to-maintain-data-quality-when-you-cant-see-your-participants}}

@article{schaefer2019a,
	author = {Sch{\"a}fer, T. and Schwarz, M.A.},
	date = {2019},
	doi = {10.3389/fpsyg.2019.00813},
	journal = {Frontiers in Psychology},
	language = {en},
	number = {APR},
	pages = {1--13},
	title = {The meaningfulness of effect sizes in psychological research: Differences between sub-disciplines and the impact of potential biases},
	url = {https://doi.org/10.3389/fpsyg.2019.00813},
	volume = {10},
	bdsk-url-1 = {https://doi.org/10.3389/fpsyg.2019.00813}}

@article{schapiro2017a,
	author = {Schapiro, A.C. and McDevitt, E.A. and Chen, L. and Norman, K.A. and Mednick, S.C. and Rogers, T.T.},
	date = {2017},
	doi = {10.1038/s41598-017-12884-5},
	journal = {Scientific reports},
	language = {en},
	number = {1},
	pages = {1--13},
	title = {Sleep benefits memory for semantic category structure while preserving exemplar-specific information},
	url = {https://doi.org/10.1038/s41598-017-12884-5},
	volume = {7},
	bdsk-url-1 = {https://doi.org/10.1038/s41598-017-12884-5}}

@article{seamon2002a,
	author = {Seamon, J.G. and Luo, C.R. and Kopecky, J.J. and Price, C.A. and Rothschild, L. and Fung, N.S. and Schwartz, M.A.},
	date = {2002},
	doi = {10.3758/bf03194323},
	journal = {Memory & Cognition},
	language = {en},
	number = {7},
	pages = {1054--1064},
	title = {Are false memories more difficult to forget than accurate memories? The effect of retention interval on recall and recognition},
	url = {https://doi.org/10.3758/bf03194323},
	volume = {30},
	bdsk-url-1 = {https://doi.org/10.3758/bf03194323}}

@article{shaw2017a,
	author = {Shaw, J.J. and Monaghan, P.},
	date = {2017},
	doi = {10.1016/j.neuropsychologia.2017.11.002},
	journal = {Neuropsychologia},
	language = {en},
	number = {October},
	pages = {60--67},
	title = {Lateralised sleep spindles relate to false memory generation},
	url = {https://doi.org/10.1016/j.neuropsychologia.2017.11.002},
	volume = {107},
	bdsk-url-1 = {https://doi.org/10.1016/j.neuropsychologia.2017.11.002}}

@article{sio2013a,
	author = {Sio, U.N. and Monaghan, P. and Ormerod, T.},
	date = {2013},
	doi = {10.3758/s13421-012-0256-7},
	journal = {Memory & Cognition},
	language = {en},
	pages = {159--166},
	title = {Sleep on it, but only if it is difficult: Effects of sleep on problem solving},
	url = {https://doi.org/10.3758/s13421-012-0256-7},
	volume = {41},
	bdsk-url-1 = {https://doi.org/10.3758/s13421-012-0256-7}}

@article{smith1998a,
	author = {Smith, R.E. and Hunt, R.R.},
	date = {1998},
	doi = {10.3758/BF03208850},
	journal = {Psychonomic Bulletin & Review},
	language = {en},
	number = {4},
	pages = {710--715},
	title = {Presentation modality affects false memory},
	url = {https://doi.org/10.3758/BF03208850},
	volume = {5},
	bdsk-url-1 = {https://doi.org/10.3758/BF03208850}}

@article{stadler1999a,
	author = {Stadler, M.A. and Roediger, H.L. and McDermott, K.B.},
	date = {1999},
	doi = {10.3758/bf03211543},
	journal = {Memory & Cognition},
	language = {en},
	number = {3},
	pages = {494--500},
	title = {Norms for word lists that create false memories},
	url = {https://doi.org/10.3758/bf03211543},
	volume = {27},
	bdsk-url-1 = {https://doi.org/10.3758/bf03211543}}

@article{stickgold2005a,
	author = {Stickgold, R.},
	date = {2005},
	doi = {10.1038/nature04286},
	journal = {Nature},
	language = {en},
	title = {Sleep-dependent memory consolidation},
	url = {https://doi.org/10.1038/nature04286},
	volume = {437},
	bdsk-url-1 = {https://doi.org/10.1038/nature04286}}

@article{stickgold1999a,
	author = {Stickgold, R. and Rittenhouse, C. and Hobson, J.A.},
	date = {1999},
	journal = {Journal of Cognitive Neuroscience},
	language = {en},
	number = {2},
	pages = {182--193},
	title = {Sleep-Induced Changes in Associative Memory},
	volume = {11}}

@article{straube2012a,
	author = {Straube, B.},
	date = {2012},
	doi = {10.1186/1744-9081-8-35},
	journal = {Behavioral and Brain Functions},
	language = {en},
	number = {1},
	pages = {1--10},
	title = {An overview of the neuro-cognitive processes involved in the encoding, consolidation, and retrieval of true and false memories},
	url = {https://doi.org/10.1186/1744-9081-8-35},
	volume = {8},
	bdsk-url-1 = {https://doi.org/10.1186/1744-9081-8-35}}

@article{sugrue2006a,
	author = {Sugrue, K. and Hayne, H.},
	date = {2006},
	doi = {10.1002/acp.1214},
	journal = {Applied Cognitive Psychology},
	language = {en},
	pages = {625--631},
	title = {False Memories Produced by Children and Adults in the DRM Paradigm},
	url = {https://doi.org/10.1002/acp.1214},
	volume = {20},
	bdsk-url-1 = {https://doi.org/10.1002/acp.1214}}

@article{swannell2013a,
	author = {Swannell, E.R. and Dewhurst, S.A.},
	date = {2013},
	doi = {10.1080/15248372.2011.638689},
	journal = {Journal of cognition and development},
	language = {en},
	number = {2},
	pages = {332--342},
	title = {Effects of presentation format and list length on children's false memories},
	url = {https://doi.org/10.1080/15248372.2011.638689},
	volume = {14},
	bdsk-url-1 = {https://doi.org/10.1080/15248372.2011.638689}}

@article{tamminen2012a,
	author = {Tamminen, J. and Davis, M.H. and Merkx, M. and Rastle, K.},
	date = {2012},
	doi = {10.1016/j.cognition.2012.06.014},
	journal = {Cognition},
	language = {en},
	number = {1},
	pages = {107--112},
	title = {The role of memory consolidation in generalisation of new linguistic information},
	url = {https://doi.org/10.1016/j.cognition.2012.06.014},
	volume = {125},
	bdsk-url-1 = {https://doi.org/10.1016/j.cognition.2012.06.014}}

@article{tononi2006a,
	author = {Tononi, G. and Cirelli, C.},
	date = {2006},
	doi = {10.1016/j.smrv.2005.05.002},
	journal = {Sleep Medicine Reviews},
	language = {en},
	number = {1},
	pages = {49--62},
	title = {Sleep function and synaptic homeostasis},
	url = {https://doi.org/10.1016/j.smrv.2005.05.002},
	volume = {10},
	bdsk-url-1 = {https://doi.org/10.1016/j.smrv.2005.05.002}}

@article{tononi2014a,
	author = {Tononi, G. and Cirelli, C.},
	date = {2014},
	doi = {10.1016/j.neuron.2013.12.025},
	journal = {Neuron},
	language = {en},
	number = {1},
	pages = {12--34},
	title = {Sleep and the Price of Plasticity: From Synaptic and Cellular Homeostasis to Memory Consolidation and Integration},
	url = {https://doi.org/10.1016/j.neuron.2013.12.025},
	volume = {81},
	bdsk-url-1 = {https://doi.org/10.1016/j.neuron.2013.12.025}}

@article{thomas2017a,
	author = {Thomas, K.A. and Clifford, S.},
	date = {2017},
	doi = {10.1016/j.chb.2017.08.038},
	journal = {Computers in Human Behavior},
	language = {en},
	pages = {184--197},
	title = {Validity and Mechanical Turk: An assessment of exclusion methods and interactive experiments},
	url = {https://doi.org/10.1016/j.chb.2017.08.038},
	volume = {77},
	bdsk-url-1 = {https://doi.org/10.1016/j.chb.2017.08.038}}

@article{rijn2017a,
	author = {Rijn, E. and Carter, N. and McMurtie, H. and Wilner, P. and Blagrove, M.T.},
	date = {2017},
	doi = {10.1016/j.concog.2017.04.010},
	journal = {Consciousness and Cognition},
	language = {en},
	pages = {39--46},
	title = {Sleep does not cause false memories on a story-based test of suggestibility},
	url = {https://doi.org/10.1016/j.concog.2017.04.010},
	volume = {52},
	bdsk-url-1 = {https://doi.org/10.1016/j.concog.2017.04.010}}

@misc{voeten2021a,
	author = {Voeten, C.},
	date = {2021},
	language = {en},
	title = {buildmer: Stepwise Elimination and Term Reordering for Mixed-Effects Regression},
	type = {R package version 2.2.},
	url = {https://CRAN.R-project.org/package=buildmer},
	bdsk-url-1 = {https://CRAN.R-project.org/package=buildmer}}

@article{wagenmakers2007a,
	author = {Wagenmakers, E.-J.},
	date = {2007},
	journal = {Psychonomic Bulletin & Review},
	language = {en},
	pages = {779--804},
	title = {A practical solution to the pervasive problems of p values},
	url = {http://dx.doi},
	volume = {14},
	bdsk-url-1 = {http://dx.doi}}

@article{yonelinas2019a,
	author = {Yonelinas, A.P. and Ranganath, C. and Ekstrom, A.D. and Wiltgen, B.J.},
	date = {2019},
	doi = {10.1038/s41583-019-0150-4},
	journal = {Nature Reviews Neuroscience},
	language = {en},
	pages = {364--375},
	title = {A contextual binding theory of episodic memory: systems consolidation reconsidered},
	url = {https://doi.org/10.1038/s41583-019-0150-4},
	volume = {20},
	bdsk-url-1 = {https://doi.org/10.1038/s41583-019-0150-4}}
